@article{russell1931theoretical,
  title = {Some theoretical considerations on the ???overfishing??? problem},
  volume = {6},
  number = {1},
  journal = {Journal du conseil},
  author = {Russell, {ES}},
  year = {1931},
  pages = {3}
},

@article{schnute2006reference,
  title={Reference points and management strategies: lessons from quantum mechanics},
  author={Schnute, Jon T and Haigh, Rowan},
  journal={ICES Journal of Marine Science: Journal du Conseil},
  volume={63},
  number={1},
  pages={4--11},
  year={2006},
  publisher={Oxford University Press}
},

@article{garcia1996precautionary,
	title = {The precautionary approach to fisheries and its implications for fishery research, technology and management: an updated review},
	journal = {{FAO} Fisheries Technical Paper},
	author = {Garcia, {SM}},
	year = {1996},
	pages = {1-76}
},

@article{kell2016quantification,
  title={The quantification and presentation of risk},
  author={Kell, Laurence T and Levontin, Polina and Davies, Campbell R and Harley, Shelton and Kolody, Dale S and Maunder, Mark N and Mosqueira, Iago and Pilling, Graham M and Sharma, Rishi},
  journal={Management Science in Fisheries: An Introduction to Simulation-based Methods},
  pages={348},
  year={2016},
   publisher={Earthscan (Routledge)},
   address={Oxford, UK}}

